/Users/james/Documents/Bibtex/library.bib